@book{l2short,
  author = "T. Oetiker, H. Partl, I. Hyna, E. Schlegl.",
  title = "Nie za krótkie wprowadzenie do systemu \LaTeX2e, dostępny online.",
  year = 2007
}

@file{gemius-report,
  author = "Gemius Polska",
  title = "E-commerce w Polsce 2020",
  url =  "https://www.gemius.pl/wszystkie-artykuly-aktualnosci/e-commerce-w-polsce-2020.html"
}

@online{oracle-db,
  author = "Oracle Polska",
  title = "Co to jest baza danych?",
  url = "https://www.oracle.com/pl/database/what-is-database/"
}

@online{oracle-warehouse,
  author = "Oracle Polska",
  title = "Co to jest hurtownia danych?",
  url = "https://www.oracle.com/pl/database/what-is-a-data-warehouse/"
}

@online{mc-nosql,
  author = "Microsoft",
  title = "Baza danych NoSQL — co to jest NoSQL?",
  url = "https://azure.microsoft.com/pl-pl/overview/nosql-database/"
}

@file{agh-nosql,
  author = "Adrian Horzyk",
  title = "NIERELACYJNE BAZY DANYCH – NoSQL I ASOCJACYJNE STRUKTURY DANYCH",
  url = "http://home.agh.edu.pl/~horzyk/lectures/db/BazyDanychAccess-NoSQL.pdf"
}

    \bibitem{mc-nosql} 
      \url{}
    \bibitem{agh-nosql} 
      \textsl{}, dostępny online

  \end{thebibliography}